<?xml version="1.0" encoding="UTF-8"?><collection xmlns="http://www.loc.gov/MARC21/slim"><record><leader>00627nam--2200217-u-4500</leader><controlfield tag="001">000052052</controlfield><controlfield tag="002">20161230</controlfield><controlfield tag="005">20170116231310</controlfield><controlfield tag="008">090610s1000------------r-----000-0-eng-d</controlfield><datafield ind1=" " ind2=" " tag="020"><subfield code="a">0-387-94300-5</subfield></datafield><datafield ind1=" " ind2=" " tag="040"><subfield code="a">IFIN-HH</subfield></datafield><datafield ind1=" " ind2=" " tag="080"><subfield code="a">517.9</subfield></datafield><datafield ind1="1" ind2=" " tag="100"><subfield code="a">Abraham, Ralph H</subfield></datafield><datafield ind1="1" ind2=" " tag="245"><subfield code="a">Chaos in Discrete Dynamical Systems. A Visual Introduction in 2 Dimensions</subfield></datafield><datafield ind1=" " ind2=" " tag="260"><subfield code="a">Berlin</subfield><subfield code="b">Springer-Verlag</subfield><subfield code="c">1997</subfield></datafield><datafield ind1=" " ind2=" " tag="300"><subfield code="a">246 p</subfield></datafield><datafield ind1=" " ind2=" " tag="504"><subfield code="a">Includes bibliographical references and index</subfield></datafield><datafield ind1=" " ind2="4" tag="650"><subfield code="a">Differentiable dynamical systems</subfield></datafield><datafield ind1=" " ind2=" " tag="700"><subfield code="a">Gjardini, Laura</subfield></datafield><datafield ind1=" " ind2=" " tag="852"><subfield code="a">81385</subfield><subfield code="c">517.9</subfield></datafield><datafield ind1=" " ind2=" " tag="CAT"><subfield code="a">SYS</subfield><subfield code="c">20170116</subfield><subfield code="h">231310</subfield></datafield></record></collection>